@Unpublished{avigad:hoelzl:serafin:14,
  Title                    = {A formally verified proof of the Central Limit Theorem (preliminary announcement)},
  Author                   = {Jeremy Avigad and Johannes H\"olzl and Luke Serafin},
  Year                     = {2014},

  Owner                    = {avigad},
  Timestamp                = {2015.10.15},
  Url                      = {http://arxiv.org/abs/1405.7012}
}

@Book{billingsley:95,
  Title                    = {Probability and measure},
  Author                   = {Billingsley, Patrick},
  Publisher                = {John Wiley \& Sons Inc.},
  Year                     = {1995},

  Address                  = {New York},
  Edition                  = {Third},
  Note                     = {A Wiley-Interscience Publication},
  Series                   = {Wiley Series in Probability and Mathematical Statistics},

  ISBN                     = {0-471-00710-2},
  Mrclass                  = {60-01 (28-01)},
  Mrnumber                 = {1324786 (95k:60001)},
  Owner                    = {avigad},
  Pages                    = {xiv+593},
  Timestamp                = {2013.09.25}
}

@book{fischer:11,
  title={A History of the Central Limit Theorem: From Classical to Modern Probability Theory},
  author={Fischer, Hans},
  year={2011},
  publisher={Springer},
  address={New York}
}

@book{galton:89,
  title     = {Natural Inheritance},
  publisher = {Macmillan},
  address   = {London},
  year      = 1889,
  author    = {Galton, Francis},
  pages     = {282}
}

@InProceedings{hoelzl:heller:11,
  Title                    = {{Three Chapters of Measure Theory in Isabelle/{HOL}}},
  Author                   = {Johannes H\"{o}lzl and Armin Heller},
  Booktitle                = {{Interactive Theorem Proving (ITP) 2011}},
  Year                     = {2011},
  Editor                   = {Marko C. J. D. van Eekelen and Herman Geuvers and Julien Schmaltz and Freek Wiedijk},
  Pages                    = {135--151},
  Publisher                = {Springer},
  Series                   = {{Lecture Notes in Computer Science}},
  Volume                   = {6898},

  Bibdate                  = {2011-08-16},
  Bibsource                = {DBLP, http://dblp.uni-trier.de/db/conf/itp/itp2011.html\#HolzlH11},
  Booktitle1               = {Interactive Theorem Proving - Second International Conference, {ITP} 2011, Berg en Dal, The Netherlands, August 22-25, 2011. Proceedings},
  ISBN                     = {978-3-642-22862-9},
  Owner                    = {avigad},
  Timestamp                = {2016.04.27},
  Url                      = {http://dx.doi.org/10.1007/978-3-642-22863-6}
}

@InCollection{hoelzl:et:al:13,
  Title                    = {Type Classes and Filters for Mathematical Analysis in Isabelle/HOL},
  Author                   = {H\"olzl, Johannes and Immler, Fabian and Huffman, Brian},
  Booktitle                = {Interactive Theorem Proving},
  Publisher                = {Springer Berlin Heidelberg},
  Year                     = {2013},
  Editor                   = {Blazy, Sandrine and Paulin-Mohring, Christine and Pichardie, David},
  Pages                    = {279-294},
  Series                   = {Lecture Notes in Computer Science},
  Volume                   = {7998},

  Doi                      = {10.1007/978-3-642-39634-2_21},
  ISBN                     = {978-3-642-39633-5},
  Keywords                 = {Type classes; Filters; Mathematical analysis; Topology; Limits; Euclidean vector spaces; Isabelle/HOL},
  Language                 = {English},
  Owner                    = {avigad},
  Timestamp                = {2015.10.18},
  Url                      = {http://dx.doi.org/10.1007/978-3-642-39634-2_21}
}

@MastersThesis{serafin:15,
 author = {Luke Serafin},
 title = {A Formally Verified Proof of the Central Limit Theorem},
 school = {Carnegie Mellon University},
 year = {2015}
}


