@book{billingsley,
  title={Probability and measure},
  author={Billingsley, Patrick},
  year={2008},
  publisher={John Wiley \& Sons}
}

@incollection{bundy,
  title={A survey of automated deduction},
  author={Bundy, Alan},
  booktitle={Artificial intelligence today},
  pages={153--174},
  year={1999},
  publisher={Springer}
}

@incollection{holzl-filter,
  title={Type classes and filters for mathematical analysis in Isabelle/HOL},
  author={H{\"o}lzl, Johannes and Immler, Fabian and Huffman, Brian},
  booktitle={Interactive Theorem Proving},
  pages={279--294},
  year={2013},
  publisher={Springer}
}

@incollection{holzl-measure,
  title={Three chapters of measure theory in Isabelle/HOL},
  author={H{\"o}lzl, Johannes and Heller, Armin},
  booktitle={Interactive Theorem Proving},
  pages={135--151},
  year={2011},
  publisher={Springer}
}
