 
@Book{billingsley:95,
  Title                    = {Probability and measure},
  Author                   = {Billingsley, Patrick},
  Publisher                = {John Wiley \& Sons Inc.},
  Year                     = {1995},

  Address                  = {New York},
  Edition                  = {Third},
  Note                     = {A Wiley-Interscience Publication},
  Series                   = {Wiley Series in Probability and Mathematical Statistics},

  ISBN                     = {0-471-00710-2},
  Mrclass                  = {60-01 (28-01)},
  Mrnumber                 = {1324786 (95k:60001)},
  Pages                    = {xiv+593}
}

@book{galton:89,
  title     = {Natural inheritance},
  publisher = {Macmillan},
  address   = {London},
  year      = 1889,
  author    = {Galton, Francis},
  pages     = {282}
}


@phdthesis{hoelzl2012thesis,
  author   = {Johannes H{\"o}lzl},
  title    = {Construction and Stochastic Applications of Measure Spaces in Higher-Order Logic},
  school   = {Institut f{\"u}r Informatik, Technische Universit{\"a}t M{\"u}nchen},
  month    = {October},
  year     = {2012}
}


@inproceedings{hoelzl2011measure,
  author       = {Johannes H{\"o}lzl and Armin Heller},
  title        = {Three Chapters of Measure Theory in {Isabelle/HOL}},
  year         = {2011},
  pages        = {135--151},
  editor       = {Marko C. J. D. van Eekelen and Herman Geuvers and Julien Schmaltz and Freek Wiedijk},
  booktitle    = {Interactive Theorem Proving (ITP 2011)},
  series       = {LNCS},
  volume       = {6898}
}

@inproceedings{hoelzl2013typeclasses,
  author    = {Johannes H{\"o}lzl and Fabian Immler and Brian Huffman},
  title     = {Type Classes and Filters for Mathematical Analysis in {Isabelle/HOL}},
  booktitle = {Interactive Theorem Proving (ITP 2013)},
  editor    = {Blazy, Sandrine and Paulin-Mohring, Christine and Pichardie, David},
  year      = {2013},
  volume    = {7998},
  series    = {LNCS},
  publisher = {Springer},
  doi       = {10.1007/978-3-642-39634-2_21},
  isbn      = {978-3-642-39633-5},
  pages     = {279--294}
}

@article{harrison:07,
  author    = {John Harrison},
  title     = {Formalizing basic complex analysis},
  journal   = {Studies in Logic, Grammar and Rhetoric},
  volume     = 10,
  number    = 23,
  year      = 2007,
  pages     = {151--165}
}

@article{harrison2013euclidean,
  year      = {2013},
  issn      = {0168-7433},
  journal   = {Journal of Automated Reasoning},
  volume    = {50},
  number    = {2},
  doi       = {10.1007/s10817-012-9250-9},
  title     = {The HOL Light Theory of Euclidean Space},
  doi       = {10.1007/s10817-012-9250-9},
  publisher = {Springer},
  author    = {Harrison, John},
  pages     = {173--190}
}
